% This file was created with JabRef 2.5.
% Encoding: UTF-8

@article{Iliescu,
title={Approximating the larger eddies in fluid motion. III. The Boussinesq model for turbulent fluctuations},
author={Iliescu, T and Layton, WJ},
journal={Analele Stiintifice ale Universitatii Al. l. Cuza, tomul},
volume={44},
pages={245--261},
year={1998},
publisher={Citeseer}
}

@book{John,
author="John, Volker",
title="Finite Element Methods for Incompressible Flow Problems",
year="2016",
publisher="Springer International Publishing",
address="Cham",
isbn="978-3-319-45750-5",
doi="10.1007/978-3-319-45750-5",
url="https://doi.org/10.1007/978-3-319-45750-5"
}


@article{Smagorinsky,
author = {Smagorinsky, J.},
title = {General circulation experiments with the primitive equations},
journal = {Monthly Weather Review},
volume = {91},
number = {3},
pages = {99-164},
year = {1963},
doi = {10.1175/1520-0493(1963)091<0099:GCEWTP>2.3.CO;2},

URL = { 
        https://doi.org/10.1175/1520-0493(1963)091<0099:GCEWTP>2.3.CO;2
    
},
eprint = { 
        https://doi.org/10.1175/1520-0493(1963)091<0099:GCEWTP>2.3.CO;2
    
}
,
}

@article{Akin,
title = "Stabilization parameters and smagorinsky turbulence model",
abstract = "For the streamline-upwind/Petrov-Galerkin and pressure-stabilizing/Petrov-Galerkin formulations for flow problems, we present in this paper a comparative study of the stabilization parameters defined in different ways. The stabilization parameters are closely related to the local length scales ({"}element length{"}), and our comparisons include parameters defined based on the element-level matrices and vectors, some earlier definitions of element lengths, and extensions of these to higher-order elements. We also compare the numerical viscosities generated by these stabilized formulations with the eddy viscosity associated with a Smagorinsky turbulence model that is based on element length scales.",
author = "Akin, {J. E.} and Tezduyar, {Tayfun E.} and M. Ungor and S. Mittal",
year = "2003",
month = "1",
doi = "10.1115/1.1526569",
language = "English",
volume = "70",
pages = "2--9",
journal = "Journal of Applied Mechanics, Transactions ASME",
issn = "0021-8936",
publisher = "American Society of Mechanical Engineers(ASME)",
number = "1",

}
Access to Document

    10.1115/1.1526569

    Link to publication in Scopus
    Link to citation list in Scopus



@BOOK{braess,
  title = {Finite Elemente : Theorie, schnelle Löser und Anwendungen in der
	Elastizitätstheorie},
  publisher = {Springer},
  year = {2007},
  author = {Braess, Dietrich},
  address = {Berlin},
  edition = {4., überarb. und erw. Aufl.},
  bestand = {Universitätsbibliothek Tübingen <21> [Signatur: 48 A 2913]; Universität
	Freiburg, Mathematisches Institut, <25/3b> [Signatur: Frei 3b: HB
	HH 10/Braess]; Sächsische Landesbibliothek - Staats- und Universitätsbibliothek
	<14>; Universität Mannheim, Universitätsbibliothek <180>; Universitätsbibliothek
	Leipzig <15>; Universitätsbibliothek Heidelberg <16> [Signatur: LN-U9-9151];
	KIT, Campus Süd, Mathematische Bibliothek <90/5>; Karlsruher InstitutCambridge University Press
	für Technologie (KIT) - KIT-Bibliothek Süd <90> [Signatur: 92 A 3877(4)];
	Universitätsbibliothek Stuttgart <93> [Signatur: 4H 2354(4)]; Universität
	Stuttgart, Informatik-Bibliothek <93/165> [Signatur: Brae-24852];
	Badische Landesbibliothek <31> [Signatur: 108 A 2547]; Universitätsbibliothek
	Chemnitz <Ch 1>; Kommunikations- u. Informationszentrum Universität
	Ulm (kiz) <289> [Signatur: QA 379/2007 B]; TU Bergakademie Freiberg,
	Universitätsbibliothek <105> [Signatur: 07.7232 8.]; Hochschulbibliothek
	Reutlingen <Rt 2> [Signatur: Ma 6-400-48/4]; Hochschulbibliothek
	Heilbronn <840> [Signatur: 531. BRA]; Hochschule für Technik, Wirtschaft
	und Kultur Leipzig <L 189>; Hochschule Mannheim, Hochschulbibliothek
	<953> [Signatur: B IV 164]; Oberwolfach, Mathematisches Forschungsinstitut
	Oberwolfach <Frei 3c> [Signatur: M/Braess, D]; Hochschule Aalen <944>
	[Signatur: 483.2 Bra]; Hochschule Esslingen, Standort Göppingen <972>
	[Signatur: Fa Bra]; Hochschule Esslingen <753> [Signatur: Fa Bra];},
  isbn = {978-3-540-72449-0},
  keywords = {Finite-Elemente-Methode / Lehrbuch ; Finite element method ; Finite-Elemente-Methode
	/ Lehrbuch},
  size = {XVIII, 357 S. : graph. Darst.},
  url = {http://swbplus.bsz-bw.de/bsz266985483cov.htm ; http://swbplus.bsz-bw.de/bsz266985483kap.htm ; http://www.gbv.de/dms/ilmenau/toc/543533042.PDF ; http://swbplus.bsz-bw.de/bsz266985483inh.htm ; http://digitool.hbz-nrw.de:1801/webclient/DeliveryManager?pid=2415940&custom_att_2=simple_viewer}
}

@BOOK{mclean,
 title     = {Strongly Elliptic Systems and Boundary Integral Equations},
 publisher = {Cambridge University Press},
 year      = {2000},
 author ={W.McLean}
}

@book{Paraview,
title = {{The ParaView guide: a parallel visualization application}},
author = {Henderson Squillacote, Amy},
publisher = {Kitware},
year = {2007},
ISBN = {1-930934-21-1 ; 978-1-930934-21-4},
size = {XII, 366 S.: Ill., graph. Darst.},
keywords = {Visualisierung / Programmpaket},
}

@book{temam,
title = {Navier-Stokes equations : theory and numerical analysis},
author = {Temam, Roger},
publisher = {AMS Chelsea Publ.},
year = {2001},
keywords = { ; Navier-Stokes equations ; Navier-Stokes-Gleichung}
}
@article{DEFRUTOS2016368,
title = "Projection methods for incompressible flow problems with WENO finite difference schemes",
journal = "Journal of Computational Physics",
volume = "309",
pages = "368 - 386",
year = "2016",
issn = "0021-9991",
doi = "https://doi.org/10.1016/j.jcp.2015.12.041",
url = "http://www.sciencedirect.com/science/article/pii/S0021999115008608",
author = "Javier de Frutos and Volker John and Julia Novo",
keywords = "Incompressible Navier–Stokes equations, Finite difference WENO schemes, Non-incremental projection methods, Incremental projection methods, PSPG-type stabilization",
abstract = "Weighted essentially non-oscillatory (WENO) finite difference schemes have been recommended in a competitive study of discretizations for scalar evolutionary convection–diffusion equations [20]. This paper explores the applicability of these schemes for the simulation of incompressible flows. To this end, WENO schemes are used in several non-incremental and incremental projection methods for the incompressible Navier–Stokes equations. Velocity and pressure are discretized on the same grid. A pressure stabilization Petrov–Galerkin (PSPG) type of stabilization is introduced in the incremental schemes to account for the violation of the discrete inf-sup condition. Algorithmic aspects of the proposed schemes are discussed. The schemes are studied on several examples with different features. It is shown that the WENO finite difference idea can be transferred to the simulation of incompressible flows. Some shortcomings of the methods, which are due to the splitting in projection schemes, become also obvious."
}
@book{John2004,
author = {John, Volker},
year = {2004},
month = {01},
pages = {},
title = {Large Eddy Simulation of Turbulent Incompressible Flows. Analytical and Numerical Results for a Class of LES Models},
volume = {34},
doi = {10.1007/978-3-642-18682-0}
}

@book{sohr,
title = {The Navier-Stokes equations : an elementary functional analytic approach},
series = {Birkh\"auser advanced texts},
author = {Sohr, Hermann},
publisher = {Birkh\"auser},
year = {2001},
ISBN = {3-7643-6545-5},
keywords = { ; Navier-Stokes equations ; Navier-Stokes-Gleichung},
}

@MISC{Turek96recentbenchmark,
author = {S. Turek and M. Sch\"afer},
title = {Recent Benchmark Computations of Laminar Flow Around a Cylinder},
year = {1996}
}

@Article{deFrutos2016,
author="de Frutos, Javier
and Garc{\'i}a-Archilla, Bosco
and John, Volker
and Novo, Julia",
title="Grad-div Stabilization for the Evolutionary Oseen Problem with Inf-sup Stable Finite Elements",
journal="Journal of Scientific Computing",
year="2016",
month="Mar",
day="01",
volume="66",
number="3",
pages="991--1024",
abstract="The approximation of the time-dependent Oseen problem using inf-sup stable mixed finite elements in a Galerkin method with grad-div stabilization is studied. The main goal is to prove that adding a grad-div stabilization term to the Galerkin approximation has a stabilizing effect for small viscosity. Both the continuous-in-time and the fully discrete case (backward Euler method, the two-step BDF, and Crank--Nicolson schemes) are analyzed. In fact, error bounds are obtained that do not depend on the inverse of the viscosity in the case where the solution is sufficiently smooth. The bounds for the divergence of the velocity as well as for the pressure are optimal. The analysis is based on the use of a specific Stokes projection. Numerical studies support the analytical results.",
issn="1573-7691",
doi="10.1007/s10915-015-0052-1",
url="https://doi.org/10.1007/s10915-015-0052-1"
}

@article{Lilly,
author = {Lilly, D. K. },
title = {A proposed modification of the Germano subgrid-scale closure method},
journal = {Physics of Fluids A: Fluid Dynamics},
volume = {4},
number = {3},
pages = {633-635},
year = {1992},
doi = {10.1063/1.858280},
URL = {https://doi.org/10.1063/1.858280},
eprint = {https://doi.org/10.1063/1.858280}
}

@article{Vreman,
author = {Vreman,A. W. },
title = {An eddy-viscosity subgrid-scale model for turbulent shear flow:  Algebraic theory and applications},
journal = {Physics of Fluids},
volume = {16},
number = {10},
pages = {3670-3681},
year = {2004},
doi = {10.1063/1.1785131},
URL = {https://doi.org/10.1063/1.1785131},
eprint = {https://doi.org/10.1063/1.1785131}

}

@comment{jabref-meta: selector_publisher:}

@comment{jabref-meta: selector_author:}

@comment{jabref-meta: selector_journal:}

@comment{jabref-meta: selector_keywords:}

