% This file was created with JabRef 2.5.
% Encoding: UTF-8

@BOOK{braess,
  title = {Finite Elemente : Theorie, schnelle Löser und Anwendungen in der
	Elastizitätstheorie},
  publisher = {Springer},
  year = {2007},
  author = {Braess, Dietrich},
  address = {Berlin},
  edition = {4., überarb. und erw. Aufl.},
  bestand = {Universitätsbibliothek Tübingen <21> [Signatur: 48 A 2913]; Universität
	Freiburg, Mathematisches Institut, <25/3b> [Signatur: Frei 3b: HB
	HH 10/Braess]; Sächsische Landesbibliothek - Staats- und Universitätsbibliothek
	<14>; Universität Mannheim, Universitätsbibliothek <180>; Universitätsbibliothek
	Leipzig <15>; Universitätsbibliothek Heidelberg <16> [Signatur: LN-U9-9151];
	KIT, Campus Süd, Mathematische Bibliothek <90/5>; Karlsruher InstitutCambridge University Press
	für Technologie (KIT) - KIT-Bibliothek Süd <90> [Signatur: 92 A 3877(4)];
	Universitätsbibliothek Stuttgart <93> [Signatur: 4H 2354(4)]; Universität
	Stuttgart, Informatik-Bibliothek <93/165> [Signatur: Brae-24852];
	Badische Landesbibliothek <31> [Signatur: 108 A 2547]; Universitätsbibliothek
	Chemnitz <Ch 1>; Kommunikations- u. Informationszentrum Universität
	Ulm (kiz) <289> [Signatur: QA 379/2007 B]; TU Bergakademie Freiberg,
	Universitätsbibliothek <105> [Signatur: 07.7232 8.]; Hochschulbibliothek
	Reutlingen <Rt 2> [Signatur: Ma 6-400-48/4]; Hochschulbibliothek
	Heilbronn <840> [Signatur: 531. BRA]; Hochschule für Technik, Wirtschaft
	und Kultur Leipzig <L 189>; Hochschule Mannheim, Hochschulbibliothek
	<953> [Signatur: B IV 164]; Oberwolfach, Mathematisches Forschungsinstitut
	Oberwolfach <Frei 3c> [Signatur: M/Braess, D]; Hochschule Aalen <944>
	[Signatur: 483.2 Bra]; Hochschule Esslingen, Standort Göppingen <972>
	[Signatur: Fa Bra]; Hochschule Esslingen <753> [Signatur: Fa Bra];},
  isbn = {978-3-540-72449-0},
  keywords = {Finite-Elemente-Methode / Lehrbuch ; Finite element method ; Finite-Elemente-Methode
	/ Lehrbuch},
  size = {XVIII, 357 S. : graph. Darst.},
  url = {http://swbplus.bsz-bw.de/bsz266985483cov.htm ; http://swbplus.bsz-bw.de/bsz266985483kap.htm ; http://www.gbv.de/dms/ilmenau/toc/543533042.PDF ; http://swbplus.bsz-bw.de/bsz266985483inh.htm ; http://digitool.hbz-nrw.de:1801/webclient/DeliveryManager?pid=2415940&custom_att_2=simple_viewer}
}

@BOOK{mclean,
 title     = {Strongly Elliptic Systems and Boundary Integral Equations},
 publisher = {Cambridge University Press},
 year      = {2000},
 author ={W.McLean}
}

@book{Paraview,
title = {{The ParaView guide: a parallel visualization application}},
author = {Henderson Squillacote, Amy},
publisher = {Kitware},
year = {2007},
ISBN = {1-930934-21-1 ; 978-1-930934-21-4},
size = {XII, 366 S.: Ill., graph. Darst.},
keywords = {Visualisierung / Programmpaket},
}

@book{temam,
title = {Navier-Stokes equations : theory and numerical analysis},
author = {Temam, Roger},
publisher = {AMS Chelsea Publ.},
year = {2001},
keywords = { ; Navier-Stokes equations ; Navier-Stokes-Gleichung}
}

@book{sohr,
title = {The Navier-Stokes equations : an elementary functional analytic approach},
series = {Birkh\"auser advanced texts},
author = {Sohr, Hermann},
publisher = {Birkh\"auser},
year = {2001},
ISBN = {3-7643-6545-5},
keywords = { ; Navier-Stokes equations ; Navier-Stokes-Gleichung},
}

@MISC{Turek96recentbenchmark,
author = {S. Turek and M. Sch\"afer},
title = {Recent Benchmark Computations of Laminar Flow Around a Cylinder},
year = {1996}
}

@comment{jabref-meta: selector_publisher:}

@comment{jabref-meta: selector_author:}

@comment{jabref-meta: selector_journal:}

@comment{jabref-meta: selector_keywords:}

