% This file was created with JabRef 2.5.
% Encoding: UTF-8

@BOOK{Quarteroni,
  title = {Numerical Approximation of Partial Differential Equations},
  publisher = {Springer-Verlag},
  year = {2008},
  author = {A.Quarteroni, A.Valli}
}

@BOOK{Adams,
  title = {Sobolev spaces},
  publisher = {Academic Press},
  year = {2006},
  author = {Adams, Robert A. ; Fournier, John J. F.},
  series = {Pure and applied mathematics ; 140},
  address = {Amsterdam},
  edition = {2. ed., repr.},
  isbn = {0-12-044143-8 ; 978-0-12-044143-3},
  keywords = { ; Sobolev-Raum},
  size = {XIII, 305 S. : graph. Darst.}
}

@BOOK{braess,
  title = {Finite Elemente : Theorie, schnelle Löser und Anwendungen in der
	Elastizitätstheorie},
  publisher = {Springer},
  year = {2007},
  author = {Braess, Dietrich},
  address = {Berlin},
  edition = {4., überarb. und erw. Aufl.},
  bestand = {Universitätsbibliothek Tübingen <21> [Signatur: 48 A 2913]; Universität
	Freiburg, Mathematisches Institut, <25/3b> [Signatur: Frei 3b: HB
	HH 10/Braess]; Sächsische Landesbibliothek - Staats- und Universitätsbibliothek
	<14>; Universität Mannheim, Universitätsbibliothek <180>; Universitätsbibliothek
	Leipzig <15>; Universitätsbibliothek Heidelberg <16> [Signatur: LN-U9-9151];
	KIT, Campus Süd, Mathematische Bibliothek <90/5>; Karlsruher InstitutCambridge
	University Press für Technologie (KIT) - KIT-Bibliothek Süd <90>
	[Signatur: 92 A 3877(4)]; Universitätsbibliothek Stuttgart <93> [Signatur:
	4H 2354(4)]; Universität Stuttgart, Informatik-Bibliothek <93/165>
	[Signatur: Brae-24852]; Badische Landesbibliothek <31> [Signatur:
	108 A 2547]; Universitätsbibliothek Chemnitz <Ch 1>; Kommunikations-
	u. Informationszentrum Universität Ulm (kiz) <289> [Signatur: QA
	379/2007 B]; TU Bergakademie Freiberg, Universitätsbibliothek <105>
	[Signatur: 07.7232 8.]; Hochschulbibliothek Reutlingen <Rt 2> [Signatur:
	Ma 6-400-48/4]; Hochschulbibliothek Heilbronn <840> [Signatur: 531.
	BRA]; Hochschule für Technik, Wirtschaft und Kultur Leipzig <L 189>;
	Hochschule Mannheim, Hochschulbibliothek <953> [Signatur: B IV 164];
	Oberwolfach, Mathematisches Forschungsinstitut Oberwolfach <Frei
	3c> [Signatur: M/Braess, D]; Hochschule Aalen <944> [Signatur: 483.2
	Bra]; Hochschule Esslingen, Standort Göppingen <972> [Signatur: Fa
	Bra]; Hochschule Esslingen <753> [Signatur: Fa Bra];},
  isbn = {978-3-540-72449-0},
  keywords = {Finite-Elemente-Methode / Lehrbuch ; Finite element method ; Finite-Elemente-Methode
	/ Lehrbuch},
  size = {XVIII, 357 S. : graph. Darst.},
  url = {http://swbplus.bsz-bw.de/bsz266985483cov.htm ; http://swbplus.bsz-bw.de/bsz266985483kap.htm ; http://www.gbv.de/dms/ilmenau/toc/543533042.PDF ; http://swbplus.bsz-bw.de/bsz266985483inh.htm ; http://digitool.hbz-nrw.de:1801/webclient/DeliveryManager?pid=2415940&custom_att_2=simple_viewer}
}

@BOOK{MPI,
  title = {MPI - Eine Einf\"uhrung},
  publisher = {Oldenbourg},
  year = {2007},
  author = {Gropp, William D.}
}

@BOOK{Paraview,
  title = {{The ParaView guide: a parallel visualization application}},
  publisher = {Kitware},
  year = {2007},
  author = {Henderson Squillacote, Amy},
  address = {[Clifton Park, NY]},
  isbn = {1-930934-21-1 ; 978-1-930934-21-4},
  keywords = {Visualisierung / Programmpaket},
  size = {XII, 366 S.: Ill., graph. Darst.}
}

@BOOK{Evans,
  title = {Partial Differential Equations},
  publisher = {American Mathematical Society},
  year = {1998},
  author = {L.C.Evans},
  edition = {Second}
}

@BOOK{Stynes,
  title = {Convection-diffusion problems, SDFEM/SUPG and a priori meshes},
  publisher = {University of G\"ottingen, Germany},
  year = {2006},
  author = {M.Stynes}
}

@BOOK{MPIstandard,
  title = {{MPI: A Message-Passing Interface Standard, Version 2.2}},
  publisher = {High-Performance Computing Center Stuttgart (HLRS)},
  year = {2009},
  author = {{MPI Forum}},
  timestamp = {2012.12.06}
}

@BOOK{Gunzburger,
  title = {Stability of the SUPG finite element method for transient advection-diffusion
	problems},
  publisher = {Elsevier},
  year = {2004},
  author = {P.B.Bochev, M.D.Gunzburger, J.N.Shadid}
}

@comment{jabref-meta: selector_publisher:}

@comment{jabref-meta: selector_author:}

@comment{jabref-meta: selector_journal:}

@comment{jabref-meta: selector_keywords:}

