% This file was created with JabRef 2.5.
% Encoding: UTF-8

@BOOK{braess,
  title = {Finite Elemente : Theorie, schnelle Löser und Anwendungen in der
	Elastizitätstheorie},
  publisher = {Springer},
  year = {2007},
  author = {Braess, Dietrich},
  address = {Berlin},
  edition = {4., überarb. und erw. Aufl.},
  bestand = {Universitätsbibliothek Tübingen <21> [Signatur: 48 A 2913]; Universität
	Freiburg, Mathematisches Institut, <25/3b> [Signatur: Frei 3b: HB
	HH 10/Braess]; Sächsische Landesbibliothek - Staats- und Universitätsbibliothek
	<14>; Universität Mannheim, Universitätsbibliothek <180>; Universitätsbibliothek
	Leipzig <15>; Universitätsbibliothek Heidelberg <16> [Signatur: LN-U9-9151];
	KIT, Campus Süd, Mathematische Bibliothek <90/5>; Karlsruher Institut
	für Technologie (KIT) - KIT-Bibliothek Süd <90> [Signatur: 92 A 3877(4)];
	Universitätsbibliothek Stuttgart <93> [Signatur: 4H 2354(4)]; Universität
	Stuttgart, Informatik-Bibliothek <93/165> [Signatur: Brae-24852];
	Badische Landesbibliothek <31> [Signatur: 108 A 2547]; Universitätsbibliothek
	Chemnitz <Ch 1>; Kommunikations- u. Informationszentrum Universität
	Ulm (kiz) <289> [Signatur: QA 379/2007 B]; TU Bergakademie Freiberg,
	Universitätsbibliothek <105> [Signatur: 07.7232 8.]; Hochschulbibliothek
	Reutlingen <Rt 2> [Signatur: Ma 6-400-48/4]; Hochschulbibliothek
	Heilbronn <840> [Signatur: 531. BRA]; Hochschule für Technik, Wirtschaft
	und Kultur Leipzig <L 189>; Hochschule Mannheim, Hochschulbibliothek
	<953> [Signatur: B IV 164]; Oberwolfach, Mathematisches Forschungsinstitut
	Oberwolfach <Frei 3c> [Signatur: M/Braess, D]; Hochschule Aalen <944>
	[Signatur: 483.2 Bra]; Hochschule Esslingen, Standort Göppingen <972>
	[Signatur: Fa Bra]; Hochschule Esslingen <753> [Signatur: Fa Bra];},
  isbn = {978-3-540-72449-0},
  keywords = {Finite-Elemente-Methode / Lehrbuch ; Finite element method ; Finite-Elemente-Methode
	/ Lehrbuch},
  size = {XVIII, 357 S. : graph. Darst.},
  url = {http://swbplus.bsz-bw.de/bsz266985483cov.htm ; http://swbplus.bsz-bw.de/bsz266985483kap.htm ; http://www.gbv.de/dms/ilmenau/toc/543533042.PDF ; http://swbplus.bsz-bw.de/bsz266985483inh.htm ; http://digitool.hbz-nrw.de:1801/webclient/DeliveryManager?pid=2415940&custom_att_2=simple_viewer}
}

@BOOK{gilbarg,
  title     = {Elliptic Partial Differential Equations of Second Order},
  publisher = {Springer},
  year      = {1989},
  author    = {D.Gilbarg, N.S.Trudinger},
  edition   = {Second}
}

@BOOK{mclean,
 title      = {Strongly Elliptic Systems and Boundary Integral Equations},
 publisher  = {Cambridge University Press},
 year       = {2000},
 author     = {W.McLean}
}

@BOOK{evans,
 title      = {Partial Differential Equations},
 publisher  = {American Mathematical Society},
 year       = {1998},
 author     = {L.C.Evans},
 edition    = {Second}
}

@BOOK{brenner,
 title      = {The Mathematical Theory of Finite Element Methods},
 publisher  = {Springer, New-York},
 year       = {1994},
 author     = {S.C.Brenner, L.R.Scott}
}

@BOOK{eck,
 title      = {Mathematische Modellierung},
 publisher  = {Springer},
 year       = {2008},
 author     = {C.Eck, H.Garcke, P.Knabner}
}

@BOOK{weiss,
 title      = {Paralleles Rechnen},
 publisher  = {Lecture notes},
 year       = {Summer term 2011},
 author     = {Jan-Philipp Weiss}
}

@BOOK{MPI,
 title      = {MPI - Eine Einführung},
 publisher  = {Oldenbourg},
 year       = {2007},
 author     = {Gropp, William D.}
}

@book{Adams,
title = {Sobolev spaces},
series = {Pure and applied mathematics ; 140},
author = {Adams, Robert A. ; Fournier, John J. F.},
address = {Amsterdam},
publisher = {Academic Press},
year = {2006},
edition = {2. ed., repr.},
ISBN = {0-12-044143-8 ; 978-0-12-044143-3},
size = {XIII, 305 S. : graph. Darst.},
keywords = { ; Sobolev-Raum},
}

@book{Paraview,
title = {{The ParaView guide: a parallel visualization application}},
author = {Henderson Squillacote, Amy},
address = {[Clifton Park, NY]},
publisher = {Kitware},
year = {2007},
ISBN = {1-930934-21-1 ; 978-1-930934-21-4},
size = {XII, 366 S.: Ill., graph. Darst.},
keywords = {Visualisierung / Programmpaket},
}

@www{MPIstandard,
TITLE= {http://www.mcs.anl.gov/research/projects/mpi}
}


@www{OPENCL,
     title = {http://www.khronos.org/opencl/} 
}

@www{CUDA,
TITLE= {http://www.nvidia.com/object/cuda\_home\_new.html}
}

@www{NVIDIAGPU,
TITLE= {{http://www.nvidia.com/object/GPU\_Computing.html}}
}

@BOOK{templates, 
 AUTHOR = {R. Barrett and M. Berry and T. F. Chan and J. Demmel and J. Donato and J. Dongarra and V. Eijkhout and R. Pozo and C. Romine and H. Van der Vorst }, 
 TITLE = {{Templates for the Solution of Linear Systems: Building Blocks for Iterative Methods, 2nd Edition}}, 
 PUBLISHER = {SIAM}, 
 YEAR = {1994}, 
 ADDRESS = {Philadelphia, PA} 
}

@inproceedings{NVIDIA_SPMV,
 author = {N.~Bell and M.~Garland},
 title = {Implementing sparse matrix-vector multiplication on throughput-oriented processors},
 booktitle = {SC '09: Proceedings of the Conference on High Performance Computing Networking, Storage and Analysis},
 year = {2009},
 isbn = {978-1-60558-744-8},
 pages = {1--11},
 location = {Portland, Oregon},
 doi = {http://doi.acm.org/10.1145/1654059.1654078},
 publisher = {ACM},
 address = {New York, NY, USA},
 }


@inproceedings{HLW2010,
 author = {V.~Heuveline and D.~Lukarski and J.~P.~Weiss},
 title = {{Scalable Multi-Coloring Preconditioning for Multi-core CPUs and GPUs }},


 }


@techreport{IBM_SPMV,
 author = {M.~M.~Baskaran and R.~Bordawekar},
 title = {{Optimizing Sparse Matrix-Vector Multiplication on GPUs}},
 institution = {IBM},
 year = {2009},
 location = {USA}
}

@phdthesis{Lukarski2012,
title = {{P}arallel {S}parse {L}inear {A}lgebra for {M}ulti-core and {M}any-core {P}latforms -- {P}arallel {S}olvers and {P}reconditioners},
author = {D.~Lukarski},
year = {2012},
school = {Karlsruhe Institute of Technology}
}

@inproceedings{HSLW2010,
 author = {Heuveline, V. and Lukarski, D. and Subramanian, C. and Weiss, J.~P.},
 title = {{A} {M}ulti-platform {L}inear {A}lgebra {T}oolbox for {F}inite {E}lement {S}olvers on {H}eterogeneous {C}lusters},
 booktitle = {PPAAC'10, IEEE Cluster 2010 Workshops},
 year = {2010}
}

@comment{jabref-meta: selector_publisher:}

@comment{jabref-meta: selector_author:}

@comment{jabref-meta: selector_journal:}

@comment{jabref-meta: selector_keywords:}

