@Book{ Lipschitz,
	title = "Strongly Elliptic Systems and Boundary Integral Equations ",
	author = "W. McLean",
	publisher = "Cambridge University Press",
	year = "2000"
}

@Misc{ Blunck,
	title = "Numerical Simulation of High-Performance Liquid Chromatography using the Generalized Porous Media Equation",
	author = "U. Blunck",
	month = "Diploma Thesis, Karlsruhe Institute of Technology,",
	year = "2012"
}

@Article{ Viscosity,
	title = "A determination of the effective viscosity for the brinkman--forchheimer flow model",
	author = "R. C. Givler and S. A. Altobelli",
	journal = "Journal of Fluid Mechanics ",
	pages = "Volume 258, no. 1, 355--370",
	year = "1994"
}

@Book{ ParaView,
	title = "The ParaView guide: a parallel visualization application ",
	author = "A. H. Squillacote",
	publisher = "Kitware [Clifton Park, NY]",
	year = "2007"
}

@Manual{ Gnumeric,
	title = "The Gnumeric Manual, version 1.10",
	author = "A. J. Guelzow and others",
	note = "http://projects.gnome.org/gnumeric/doc/gnumeric-info.shtml"
}

@Misc{ NSTut,
	title = "Boundary Value Problem for Incompressible Navier-Stokes Equation ",
	author = "M. Baumann and A. Helfrich-Schkarbanenko and E. Katelaer and S. Ronn{\aa}s and M. Wlotzka",
	note = "HiFlow$^3$ Tutorial"
}

