@article{williams3,
 author = {S.~Williams and J.~Shalf and L.~Oliker and S.~Kamil and P.~Husbands and K.~Yelick},
 title = {Scientific computing {K}ernels on the cell processor},
 journal = {Int. J. Parallel Program.},
 volume = {35},
 number = {3},
 year = {2007},
 issn = {0885-7458},
 pages = {263--298},
 doi = {http://dx.doi.org/10.1017/s10766-007-0034-5},
 publisher = {Kluwer Academic Publishers},
 address = {Norwell, MA, USA},
 }

@inproceedings{williams2,
 author = {S.~Kamil and K.~Datta and S.~Williams and L.~Oliker and J.~Shalf and K.~Yelick},
 title = {Implicit and explicit optimizations for stencil computations},
 booktitle = {MSPC '06: Proceedings of the 2006 workshop on Memory system performance and correctness},
 year = {2006},
 isbn = {1-59593-578-9},
 pages = {51--60},
 location = {San Jose, California},
 doi = {http://doi.acm.org/10.1145/1178597.1178605},
 publisher = {ACM},
 address = {New York, NY, USA},
 }

@inproceedings{williams1,
 author = {S.~Williams and J.~Shalf and L.~Oliker and S.~Kamil and P.~Husbands and K.~Yelick},
 title = {The potential of the cell processor for scientific computing},
 booktitle = {CF '06: Proceedings of the 3rd conference on Computing frontiers},
 year = {2006},
 isbn = {1-59593-302-6},
 pages = {9--20},
 location = {Ischia, Italy},
 doi = {http://doi.acm.org/10.1145/1128022.1128027},
 publisher = {ACM},
 address = {New York, NY, USA},
 }

@MastersThesis{Luk,
    author     =     {D. Lukarski},
    title     =     {Specific aspects of a parallel implementation of a 3{D} {C}{F}{D}
                     solver on the {C}ell architecture},
    school     =     {University of Karlsruhe},
    address     =     {Germany},
    year     =     {2008},
}

@MASTERSTHESIS{Schmidtobreick10,
  author = {Schmidtobreick, M},
  title = {{Numerical Methods on Reconfigurable Hardware using High Level Programming
    Paradigms}},
  school = {Karlsruhe Institute of Technology},
  year = {2010},
}

@MASTERSTHESIS{Oboril10,
  author = {F. Oboril},
  title = {{Parallel Multigrid Methods on the Cell Broadband Engine}},
  school = {Karlsruhe Institute of Technology},
  year = {2010},
}

@MISC{Convey,
   author = {{Convey Computer Corporation}},
   note = {http://www.conveycomputer.com/}
}


@MISC{hiflow3,
   author = {{Hi{F}low${}^3$}},
   note = {http://www.hiflow3.org}
}

@MISC{FEAST,
  author = {{FEAST: Finite Element Analysis and Solutions Tools.}},
  note =  {http://www.feast.uni-dortmund.de/} 
}

@MISC{Fluent,
  author = {{Ansys - Fluent}},
  note =  {http://www.fluent.com/} 
}
 
@MISC{DUNE,
  author = {{DUNE: Distributed and Unified Numerics Environment.}},
  note =  {http://dune-project.org/} 
}

%@MISC{UnitedAirways,
%   author = {United Airways},
%   note = {http://www.united-airways.eu/}
%}

@MISC{UG,
   author = {{UG - Unstructured Grids}},
   note = {http://atlas.gcsc.uni-frankfurt.de/~ug/index.html},
}
@MISC{COMSOL,
   author = {{COMSOL Multiphysics}},
   note = {http://www.comsol.de/products/multiphysics/}
}

@book{ciarlet2002,
title = {The finite element method for elliptic problems},
series = {Classics in applied mathematics; 40},
author = {Ciarlet, Philippe G.},
address = {Philadelphia, PA},
publisher = {Society for Industrial and Applied Mathematics},
year = {2002},
ISBN = {0-89871-514-8}
}

@book{braess2007,
	Isbn = {978-3540001225},
	publisher = {Springer-Verlag GmbH; Auflage: 1},
	author = {Braess, Dietrich},
	title = {{Finite Elemente}},
	year = {2007},
	tags = "FEM"
}

@book{brezzi2008,
	BookTitle = {{Mixed Finite Elements, Compatibility Conditions, and Applications}},
	author = {Boffi, Daniele and Brezzi, Franco and Demkowicz, Leszek F. and Dur{\'{a}}n, Ricardo G. and Falk, Richard S. and Fortin, Michel and Boffi, Daniele and Gastaldi, Lucia},
	title = {{Mixed Finite Elements, Compatibility Conditions, and Applications}},
	volume = {1939},
	year = {2008},
	doi = {10.1007/978-3-540-78319-0},
}

@phdthesis{DG2010,
   author = {D.~G\"oddeke},
   title = {{Fast and Accurate Finite-Element Multigrid Solvers for PDE}}
     Simulations on GPU Cluster},
   school = {Technische Universit\"at Dortmund},
   year = 2010
}

@article{HONEI,
  author = {Danny van Dyk and Markus Geveler and Sven Mallach and Dirk Ribbrock and Dominik G{\"o}ddeke and Carsten  Gutwenger},
  title = {{HONEI}: {A} collection of libraries for numerical computations targeting multiple processor architectures},
  journal = {Computer Physics Communications},
  year = 2009,
  month = dec,
  volume = 180,
  number = 12,
  pages = {2534--2543},
  doi = {10.1016/j.cpc.2009.04.018},
}



@MISC{VIENNACL,
   author = {ViennaCL - {Technische} {Universit\"at} {Wien}, Institute for Microelectronics},
   note = {http://viennacl.sourceforge.net/}
}


@MISC{OPENCL,
   author = {OpenCL},
   note = {http://www.khronos.org/opencl/} 
}

@Misc{petsc,
    Author = "Satish Balay and Kris Buschelman and William D. Gropp and Dinesh Kaushik and Matthew G. Knepley and Lois Curfman McInnes and Barry F. Smith and Hong Zhang",
   Title      = "{PETSc} {W}eb page",
   Note     = "http://www.mcs.anl.gov/petsc",
   Year     = "2009"}


% http://portal.acm.org/citation.cfm?id=1654078
@inproceedings{NVIDIA_SPMV,
 author = {N.~Bell and M.~Garland},
 title = {Implementing sparse matrix-vector multiplication on throughput-oriented processors},
 booktitle = {SC '09: Proceedings of the Conference on High Performance Computing Networking, Storage and Analysis},
 year = {2009},
 isbn = {978-1-60558-744-8},
 pages = {1--11},
 location = {Portland, Oregon},
 doi = {http://doi.acm.org/10.1145/1654059.1654078},
 publisher = {ACM},
 address = {New York, NY, USA},
 }


@inproceedings{HLW2010,
 author = {V.~Heuveline and D.~Lukarski and J.~P.~Weiss},
 title = {{Scalable Multi-Coloring Preconditioning for Multi-core CPUs and GPUs }},


 }


@techreport{IBM_SPMV,
 author = {M.~M.~Baskaran and R.~Bordawekar},
 title = {{Optimizing Sparse Matrix-Vector Multiplication on GPUs}},
 institution = {IBM},
 year = {2009},
 location = {USA}
}

@techreport{Trilinos,
author = {Michael Heroux and Roscoe Bartlett and Vicki Howle Robert 
	  Hoekstra and Jonathan Hu and Tamara Kolda and Richard Lehoucq 
	  and Kevin Long and Roger Pawlowski and Eric Phipps and Andrew 
	  Salinger and Heidi Thornquist and Ray Tuminaro and 
	  James Willenbring and Alan Williams},
title = {{An Overview of Trilinos}},
institution = {Sandia National Laboratories},
number = {SAND2003-2927},
year = {2003}}

@book{SAAD,
 author = {Y.~Saad,},
 title = {{Iterative Methods for Sparse Linear Systems}},
 year = {2003},
 isbn = {0898715342},
 publisher = {Society for Industrial and Applied Mathematics},
 address = {Philadelphia, PA, USA},
 }

@inproceedings{CMK,
 author = {Cuthill, E. and McKee, J.},
 title = {Reducing the bandwidth of sparse symmetric matrices},
 booktitle = {ACM '69: Proceedings of the 1969 24th national conference},
 year = {1969},
 pages = {157--172},
 doi = {http://doi.acm.org/10.1145/800195.805928},
 publisher = {ACM},
 address = {New York, NY, USA},
 }

@BOOK{templates, 
 AUTHOR = {R. Barrett and M. Berry and T. F. Chan and J. Demmel and J. Donato and J. Dongarra and V. Eijkhout and R. Pozo and C. Romine and H. Van der Vorst }, 
 TITLE = {{Templates for the Solution of Linear Systems: Building Blocks for Iterative Methods, 2nd Edition}}, 
 PUBLISHER = {SIAM}, 
 YEAR = {1994}, 
 ADDRESS = {Philadelphia, PA} 
} 

@Article{BHK07,
  author = 	 {W. Bangerth and R. Hartmann and G. Kanschat},
  title = 	 {{deal.II} -- a General Purpose Object Oriented Finite Element Library},
  journal = 	 {ACM Trans. Math. Softw.},
  year = 	 2007,
  volume = 	 33,
  number = 	 4,
  pages = 	 {24/1--24/27}
}

@Manual{BHK,
  title = 	 {{{\tt deal.{I}{I}} Differential Equations Analysis Library,
                  Technical Reference}},
  author = 	 {W. Bangerth and R. Hartmann and G. Kanschat},
  note =         {http://www.dealii.org},
  url =          {http://www.dealii.org}
}

@misc{www:fenics,
     author = {{FE}ni{CS}},
     title = {{{FE}ni{CS} Project}},
     howpublished = {URL: url{http://www.fenics.org/}}},
     year = {2009},
 }

@article{Logg2007a,
     author = {A. Logg},
     title = {{Automating the Finite Element Method}},
     journal = {Arch. Comput. Methods Eng.},
     volume = {14},
     number = {2},
     pages = {93--138},
     year = {2007},
     issn = {1134-3060},
     url = {http://home.simula.no/~logg/pub/papers/Logg2007a.pdf}
 }

@book{Paraview,
title = {{The ParaView guide: a parallel visualization application}},
author = {Henderson Squillacote, Amy},
address = {[Clifton Park, NY]},
publisher = {Kitware},
year = {2007},
ISBN = {1-930934-21-1 ; 978-1-930934-21-4},
size = {XII, 366 S.: Ill., graph. Darst.},
keywords = {Visualisierung / Programmpaket},
}

@misc{HiVision,
title = {http://www.hivision-project.org/},
author = {HiVision},
}

@article{Logg2009a,
  author = {Anders Logg},
  journal = {International Journal of Computational Science and Engineering},
  title = {{Efficient Representation of Computational Meshes}},
  number = {4},
  volume = {4},
  year = {2009},
  pages = {283--295},
  url = {http://home.simula.no/~logg/pub/papers/Logg2009a.pdf}
}

@MISC{Schieweck,
    author = {F. Schieweck},
    title = {{A General Transfer Operator for Arbitrary Finite Element Spaces}},
    year = {2000}
}

@book{Demkowicz,
title = {Computing with hp-adaptive finite elements},
series = {Chapman and Hall applied mathematics and nonlinear science series},
author = {L. Demkowicz and J. Kurtz and D. Pardo and M. Paszynski and W. Rachowicz and A. Zdunek},
editor = {Demkowicz, Leszek F.},
address = {London},
publisher = {Chapman and Hall},
year = {2008},
}

@book{Solin,
title = {Higher order finite element methods},
series = {Studies in advanced mathematics},
author = {\v{S}ol\'{i}n, P. and Segeth, K. and Dole\v{z}el, I.},
address = {Boca Raton, Fla.},
publisher = {Chapman and Hall, CRC},
year = {2004},
ISBN = {1-58488-438-X},
size = {XX, 382 S.: Ill., graph. Darst. ; 1 CD-ROM},
}

@book{Schwab2004,
title = {P- and hp- finite element methods: theory and applications in solid and fluid mechanics},
series = {Numerical mathematics and scientific computation},
author = {Schwab, Ch.},
address = {Oxford},
publisher = {Clarendon Press},
year = {2004},
edition = {Repr.},
ISBN = {0-19-850390-3},
size = {XII, 374 S.: graph. Darst.},
}

@book{brennerscott2002,
title = {The mathematical theory of finite element methods},
series = {Texts in applied mathematics; 15},
author = {Brenner, Susanne C. and Scott, Larkin Ridgway},
address = {New York},
publisher = {Springer},
year = {2002},
edition = {2. ed.},
ISBN = {0-387-95451-1 ; 978-0-387-95451-6},
size = {XV, 361 S.: graph. Darst.},
}

@inproceedings{HLW2010,
 author = {V.~Heuveline and D.~Lukarski and J.~P.~Weiss},
 title = {{Scalable Multi-Coloring Preconditioning for Multi-core {CPU}s
and {GPU}s}},
 booktitle = {UCHPC'10, Euro-Par 2010 Parallel Processing Workshops}
 }

@inproceedings{HSLW2010,
 author = {V.~Heuveline and C.~ Subramanian and D.~Lukarski and J.~P.~Weiss},
 title = {{A Multi-Platform Linear Algebra Toolbox for Finite
   Element Solvers on Heterogeneous Clusters}},
 booktitle = {PPAAC'10, IEEE Cluster 2010 Processing Workshops}
}

@Article{BK07,
  author = 	 {Wolfgang Bangerth and Oliver Kayser-Herold},
  title = 	 {{Data Structures and Requirements for $hp$ Finite Element
                  Software}},
  journal = 	 {ACM Trans. Math. Softw.},
  year = 	 2009,
  volume = 	 36,
  number = 	 1,
  pages = 	 {4/1--4/31}
}

@misc{Schieweck00ageneral,
  author = {F. Schieweck},
  title = {{A General Transfer Operator for Arbitrary Finite Element Spaces}},
  year = {2000},
  howpublished = {Preprint Nr. 15/00},
  institution = {Fakultät für Mathematik, Universität Magdeburg}
}

@techreport{Knepley2005,
author = {Dmitry A. Karpeev and Matthew G. Knepley},
title = {{Flexible Representation of Computational Meshes}},
institution = {Argonne National Laboratory},
year = 2005,
number = {ANL/MCS-P1295-1005},
url = {ftp://info.mcs.anl.gov/pub/tech_reports/reports/P1295.pdf}
}

@Book{Ainsworth2000,
publisher = {Wiley and Sons},
isbn = {0-471-29411-X},
author = {Mark Ainsworth and J. Tinsley Oden},
title = {{A Posteriori Error Estimation in Finite Element Analysis}},
year = {2000},
libraryofcongressno = {620'.001'51535-dc21},
keywords = {A Posteriori Error Estimation in Finite Element Analysis},
address = {New York}}

@article{Heuveline2003d,
  author = {Heuveline, V. and Rannacher, R.},
  title = {{Duality-Based Adaptivity in the hp-Finite Element Method}},
  journal = {Journal of Numerical Mathematics},
  year = {2003},
  volume = {11},
  number = {2},
  pages = {95-113}
}

@article{AlnaesLoggEtAl2009a,
  author = {Martin S. Aln{ae}s and Anders Logg and Kent-Andre Mardal and Ola Skavhaug and Hans Petter Langtangen},
  journal = {International Journal of Computational Science and Engineering},
  title = {{Unified Framework for Finite Element Assembly}},
  number = {4},
  volume = {4},
  year = {2009},
  url = {http://home.simula.no/~logg/pub/papers/AlnaesLoggEtAl2009a.pdf},
  pages = {231--244},
}


@book{Alberta,
title = {{Design of adaptive finite element software: the finite element toolbox ALBERTA}},
series = {Lecture notes in computational science and engineering; 42},
author = {Schmidt, Alfred and Siebert, Kunibert G.},
address = {Berlin},
publisher = {Springer},
year = {2005},
ISBN = {3-540-22842-X},
size = {XII, 315 S.: graph. Darst. ; 1 CD-ROM (12cm)},
keywords = {Finite-Elemente-Methode / Adaptives Verfahren / Programm},
URL = {http://swbplus.bsz-bw.de/bsz114454906inh.htm ; http://swbplus.bsz-bw.de/bsz114454906kap.htm ; http://swbplus.bsz-bw.de/bsz114454906cov.htm},
}

@Misc{petsc-web-page,
    Author = {Satish Balay and Kris Buschelman and William D. Gropp and Dinesh 
Kaushik and Matthew G. Knepley and Lois Curfman McInnes and Barry F. Smith 
and Hong Zhang},
   Title      = {{PETSc} {W}eb page},
   Note     = {http://www.mcs.anl.gov/petsc},
   Year     = {2009}
}

@TechReport{petsc-user-ref,
    Author      = {Satish Balay and Kris Buschelman and Victor Eijkhout and 
William D. Gropp and Dinesh Kaushik and Matthew G. Knepley and Lois Curfman 
McInnes and Barry F. Smith and Hong Zhang},
   Title              = {{PETS}c Users Manual},
   Number      = {ANL-95/11 - Revision 3.0.0},
   Institution = {Argonne National Laboratory},
   Year              = {2008}
}

@InProceedings{petsc-efficient,
    Author     = {Satish Balay and William D. Gropp and Lois Curfman McInnes 
and Barry F. Smith},
   Title          = {{Efficient Management of Parallelism in Object Oriented 
Numerical Software Libraries}},
    Booktitle  = {Modern Software Tools in Scientific Computing},
    Editor       = {E. Arge and A. M. Bruaset and H. P. Langtangen},
    Pages       = {163--202},
    Publisher = {Birkh{\"{a}}user Press},
    Year           = {1997}
} 

@MISC{METIS,
author = {George Karypis and Vipin Kumar},
title = {{MeTis: Unstructured Graph Partitioning and Sparse Matrix Ordering System, Version 4.0}},
howpublished = {\url{http://www.cs.umn.edu/~metis}},
year = {2009},
organization = {University of Minnesota, Minneapolis, MN},
}

@article{karypis98,
 author = {Karypis, George and Kumar, Vipin},
 title = {A parallel algorithm for multilevel graph partitioning and sparse matrix ordering},
 journal = {J. Parallel Distrib. Comput.},
 volume = {48},
 number = {1},
 year = {1998},
 issn = {0743-7315},
 pages = {71--95},
 doi = {http://dx.doi.org/10.1006/jpdc.1997.1403},
 publisher = {Academic Press, Inc.},
 address = {Orlando, FL, USA},
 }


@misc{SCOTCH,
	note = {http://www.labri.fr/perso/pelegrin/scotch/},
	title = {{SCOTCH: static mapping, graph partitioning, and sparse matrix block ordering package}},
}

@Article{CHEVALIER08,
	author = {Chevalier, C. and Pellegrini, F.},
	title = {{PT-Scotch: A tool for efficient parallel graph ordering}},
	journal = {Parallel Computing},
	volume = {34},
	number = {6-8},
	pages = {318},
	year = {2008},
	doi = {10.1016/j.parco.2007.12.001},
}

@book{GammaHelmEtAl95,
  address = {Reading, MA},
  author = {Erich Gamma and Richard Helm and Ralph E. Johnson and John Vlissides},
  interhash = {666db7e026c02bfa3e89b7b2772d18a2},
  intrahash = {052a97f74c181e333e3b52bd7ae70384},
  publisher = {Addison-Wesley},
  title = {{Design Patterns: Elements of Reusable Object-Oriented Software}},
  year = 1995,
  keywords = {development diplom patterns},
  added-at = {2010-08-03T14:32:37.000+0200},
  file = {InformIT Product page:http\://www.informit.com/title/0201633612:URL;Amazon Search inside:http\://www.amazon.de/gp/reader/0201633612/:URL;Google Books:http\://books.google.de/books?isbn=978-0-201-63361-0:URL},
  isbn = {978-0-201-63361-0},
  biburl = {http://www.bibsonomy.org/bibtex/2052a97f74c181e333e3b52bd7ae70384/tgunkel}
}

@misc{VTK,
	author = {{VTK - The Visualization Toolkit}},
	note = {http://www.vtk.org/},
}

@misc{ua:10,
	note = {http://www.united-airways.eu},
	author = {Gengenbach, T. and Henn, T. and Heppt, W. and
                  Heuveline, V. and Krause, M. J. and Zimny, S.},
	title = {{United Airways: Numerical Simulation of the Human
                  Respiratory System}},
	year = {2010},
}

@unpublished{HAC,
  author = {Buchty, Rainer and Heuveline, Vincent and Karl, Wolfgang and 
Weiss, Jan-Philipp},
  title = {{A Survey on Hardware-aware and Heterogeneous Computing on Multicore 
Processors and Accelerators}},
  keywords = {Multicore processors; accelerators; heterogeneity; 
hardware-aware computing; performance optimization; parallel programming; 
numerical simulation},
 journal = {EMCL Preprint},
  url = 
{http://www.emcl.kit.edu/preprints/preprint\_buchty\_heuveline\_karl\_weiss\_survey.pdf},
  year = {2010}
}

@article{mayer09,
 author = {Mayer, Jan},
 title = {{A numerical evaluation of preprocessing and ILU-type preconditioners for the solution of unsymmetric sparse linear systems using iterative methods}},
 journal = {ACM Trans. Math. Softw.},
 volume = {36},
 number = {1},
 year = {2009},
 issn = {0098-3500},
 pages = {1--26},
 doi = {http://doi.acm.org/10.1145/1486525.1486526},
 publisher = {ACM},
 address = {New York, NY, USA},
}

@book{ssfem,
 author = {R.G. Ghanem and P. Spanos},
 title = {{Stochastic finite elements: A spectral approach}},
 year = {1991},
 publisher = {Springer-Verlag},
 address = {New York, NY, USA},
 }

@book{guermond2004,
  author = {Ern, Alexandre and Guermond, Jean-Luc},
  title = {Theory and practice of finite elements},
  year = {2004},
  publisher = {Springer, NY, USA},
}

@misc{boost_iterator,
title = {{The Boost.Iterator Library}},
author = {Abrahams, David and Siek, Jeremy and Witt, Thomas},
note = {http://www.boost.org/doc/libs/release/libs/iterator/},
}

@article{TurekRHG06,
  author    = {S. Turek and
               L. Rivkind and
               J. Hron and
               R. Glowinski},
  title     = {{Numerical Study of a Modified Time-Stepping {\it heta}-Scheme
               for Incompressible Flow Simulations}},
  journal   = {J. Sci. Comput.},
  volume    = {28},
  number    = {2-3},
  year      = {2006},
  pages     = {533-547},
  ee        = {http://dx.doi.org/10.1007/s10915-006-9083-y},
  bibsource = {DBLP, http://dblp.uni-trier.de}
}

@inproceedings{GengenbachKrause2010,
	address = {{Rostock-Warnem{\"{u}}nde, Germany}},
	booktitle = {{BMT 2010 - Regul{\"{a}}re Beitr{\"{a}}ge (BMT 2010 Regul{\"{a}}re Beitr{\"{a}}ge)}},
	Keywords = {Human Lungs, Modelling, Simulation, Lattice Boltzmann, Computational Fluid Dynamics, Respiratory System},
	author = {Gengenbach, Thomas and Heuveline, Vincent and Krause, Mathias},
	title = {{Numerical Simulation of the Human Lung: A Two-scale Approach}},
	year = {2010},
}

@misc{iluplusplus,
  author = {Jan Mayer},
  title = {{ILU++} software package},
  note = {http://www.iluplusplus.de/},
}

@article{mayer2007,
  author = {Jan Mayer},
  title = {A Multilevel {C}rout {ILU} Preconditioner with Pivoting and Row Permutation},
  journal = {Numerical Linear Algebra with Applications},
  number = {10},
  volume = {14},
  pages = {771--789},
  year = {2007},
}

@article{mayer2008,
 author = {Mayer, Jan},
 title = {Symmetric Permutations for {I}-matrices to Delay and Avoid Small Pivots During Factorization},
 journal = {SIAM J. Sci. Comput.},
 volume = {30},
 number = {2},
 year = {2008},
 issn = {1064-8275},
 pages = {982--996},
 doi = {http://dx.doi.org/10.1137/060669176},
 publisher = {Society for Industrial and Applied Mathematics},
 address = {Philadelphia, PA, USA},
 }
