@ARTICLE{wiener1938,
  author = {Norbert Wiener},
  title = {The Homogeneous Chaos},
  journal = {American Journal of Mathematics},
  year = {1938},
  volume = {60},
  pages = {897-936},
  number = {4},
  month = {October},
  file = {:./e-articles/Wiener_1938.pdf:PDF},
  owner = {schick},
  timestamp = {2010.12.22},
  url = {http://www.jstor.org/stable/2371268}
}

@book{academie1785memoires,
  title={Memoires de mathematique et de physique present{\'e}s a l'Academie Royale des Sciences, par divers s{\c{c}}avans, et l{\^u}s dans ses assembl{\'e}es},
  author={Acad{\'e}mie des sciences (Francia)},
  number={10 },
  url={https://books.google.de/books?id=11A10AmkAT8C},
  year={1785},
  publisher={de l'Imprimerie Royale}
}

@book{maitre2010spectral,
  title={Spectral Methods for Uncertainty Quantification: With Applications to Computational Fluid Dynamics},
  author={Ma{\^\i}tre, O.P.L. and Knio, O.M.},
  isbn={9789048135202},
  lccn={2010921813},
  series={Scientific Computation},
  url={https://books.google.de/books?id=lOFCquL6SxYC},
  year={2010},
  publisher={Springer}
}

@Book{ Lipschitz,
	title = "Strongly Elliptic Systems and Boundary Integral Equations ",
	author = "W. McLean",
	publisher = "Cambridge University Press",
	year = "2000"
}

@Misc{ Blunck,
	title = "Numerical Simulation of High-Performance Liquid Chromatography using the Generalized Porous Media Equation",
	author = "U. Blunck",
	month = "Diploma Thesis, Karlsruhe Institute of Technology,",
	year = "2012"
}

@Article{ Viscosity,
	title = "A determination of the effective viscosity for the brinkman--forchheimer flow model",
	author = "R. C. Givler and S. A. Altobelli",
	journal = "Journal of Fluid Mechanics ",
	pages = "Volume 258, no. 1, 355--370",
	year = "1994"
}

@Book{ ParaView,
	title = "The ParaView guide: a parallel visualization application ",
	author = "A. H. Squillacote",
	publisher = "Kitware [Clifton Park, NY]",
	year = "2007"
}

@Manual{ Gnumeric,
	title = "The Gnumeric Manual, version 1.10",
	author = "A. J. Guelzow and others",
	note = "http://projects.gnome.org/gnumeric/doc/gnumeric-info.shtml"
}


@article{Xiu:2002:WPC:587159.587325,
 author = {Xiu, Dongbin and Karniadakis, George Em},
 title = {The Wiener--Askey Polynomial Chaos for Stochastic Differential Equations},
 journal = {SIAM J. Sci. Comput.},
 issue_date = {2002},
 volume = {24},
 number = {2},
 month = feb,
 year = {2002},
 issn = {1064-8275},
 pages = {619--644},
 numpages = {26},
 url = {http://dx.doi.org/10.1137/S1064827501387826},
 doi = {10.1137/S1064827501387826},
 acmid = {587325},
 publisher = {Society for Industrial and Applied Mathematics},
 address = {Philadelphia, PA, USA},
 keywords = {Askey scheme, Galerkin projection, orthogonal polynomials, polynomial chaos, spectral methods, stochastic differential equations},
}

@misc{MPI,
  title = {The mesage passing interface (mpi) standard},
  howpublished = {\url{http://www.mcs.anl.gov/research/projects/mpi.}},
} 
